<marc:collection xmlns:marc="http://www.loc.gov/MARC21/slim" xmlns:xsi="http://www.w3.org/2001/XMLSchema-instance" xsi:schemaLocation="http://www.loc.gov/MARC21/slim http://www.loc.gov/standards/marcxml/schema/MARC21slim.xsd">
    <marc:record type="Bibliographic">
        <marc:leader>01417cam a2200325 a 4500</marc:leader>
        <marc:controlfield tag="001">240515</marc:controlfield>
        <marc:controlfield tag="005">20130918081301.0</marc:controlfield>
        <marc:controlfield tag="008">840831s1983    ir            000 0 ara d</marc:controlfield>
        <marc:datafield tag="035" ind1=" " ind2=" ">
            <marc:subfield code="a">(OCoLC)ocn175800781</marc:subfield>
        </marc:datafield>
        <marc:datafield tag="035" ind1=" " ind2=" ">
            <marc:subfield code="a">(OCoLC)78038190</marc:subfield>
        </marc:datafield>
        <marc:datafield tag="040" ind1=" " ind2=" ">
            <marc:subfield code="a">NjP</marc:subfield>
            <marc:subfield code="c">PUL</marc:subfield>
            <marc:subfield code="d">PUL</marc:subfield>
        </marc:datafield>
        <marc:datafield tag="035" ind1=" " ind2=" ">
            <marc:subfield code="a">(OCoLC)175800781</marc:subfield>
        </marc:datafield>
        <marc:datafield tag="035" ind1=" " ind2=" ">
            <marc:subfield code="a">(CStRLIN)NJPG84-B48429</marc:subfield>
        </marc:datafield>
        <marc:datafield tag="035" ind1=" " ind2=" ">
            <marc:subfield code="9">ABF5598TS</marc:subfield>
        </marc:datafield>
        <marc:datafield tag="035" ind1=" " ind2=" ">
            <marc:subfield code="a">(NjP)240515</marc:subfield>
        </marc:datafield>
        <marc:datafield tag="079" ind1=" " ind2=" ">
            <marc:subfield code="a">ocm78038190</marc:subfield>
        </marc:datafield>
        <marc:datafield tag="049" ind1=" " ind2=" ">
            <marc:subfield code="a">PULL</marc:subfield>
        </marc:datafield>
        <marc:datafield tag="100" ind1="1" ind2=" ">
            <marc:subfield code="6">880-01</marc:subfield>
            <marc:subfield code="a">Ṭabāṭabāʼī, Muḥammad Ḥusayn.</marc:subfield>
        </marc:datafield>
        <marc:datafield tag="240" ind1="1" ind2="0">
            <marc:subfield code="a">Selections.</marc:subfield>
            <marc:subfield code="f">1983</marc:subfield>
        </marc:datafield>
        <marc:datafield tag="245" ind1="1" ind2="0">
            <marc:subfield code="6">880-02</marc:subfield>
            <marc:subfield code="a">Rasāʼil sabʻah /</marc:subfield>
            <marc:subfield code="c">min muṣannafāt Muḥammad Ḥusayn al-Ṭabāṭabāʼī.</marc:subfield>
        </marc:datafield>
        <marc:datafield tag="260" ind1=" " ind2=" ">
            <marc:subfield code="6">880-03</marc:subfield>
            <marc:subfield code="a">Qum :</marc:subfield>
            <marc:subfield code="b">Bunyād ʻIlmī va Fikrī-i Ustād-i ʻAllāmah Sayyid Muḥammad Ḥusayn Ṭabāṭabāʼī bā hamkārī-i Namāyishgāh va Nashr-i Kitāb,</marc:subfield>
            <marc:subfield code="c">1362 [1983]</marc:subfield>
        </marc:datafield>
        <marc:datafield tag="300" ind1=" " ind2=" ">
            <marc:subfield code="a">253 p. ;</marc:subfield>
            <marc:subfield code="c">24 cm.</marc:subfield>
        </marc:datafield>
        <marc:datafield tag="650" ind1=" " ind2="0">
            <marc:subfield code="a">Philosophy, Islamic.</marc:subfield>
        </marc:datafield>
        <marc:datafield tag="880" ind1="1" ind2=" ">
            <marc:subfield code="6">100-01/r</marc:subfield>
            <marc:subfield code="a">طباطبائي، محمد حسين.</marc:subfield>
        </marc:datafield>
        <marc:datafield tag="880" ind1="1" ind2="0">
            <marc:subfield code="6">245-02/r</marc:subfield>
            <marc:subfield code="a">رسائل سبعة /</marc:subfield>
            <marc:subfield code="c">من مصنفات محمد حسين الطباطبائي.</marc:subfield>
        </marc:datafield>
        <marc:datafield tag="880" ind1=" " ind2=" ">
            <marc:subfield code="6">260-03/r</marc:subfield>
            <marc:subfield code="a">قم :</marc:subfield>
            <marc:subfield code="b">بنىاد علمى و فکرى استاد علامه سيد محمد حسىن طباطبائى با همکارى نماىشگاه و نشر کتاب،</marc:subfield>
            <marc:subfield code="c">1362 [1983]</marc:subfield>
        </marc:datafield>
        <marc:datafield tag="998" ind1=" " ind2=" ">
            <marc:subfield code="a">01/13/86</marc:subfield>
            <marc:subfield code="s">9118</marc:subfield>
            <marc:subfield code="n">NjP</marc:subfield>
            <marc:subfield code="w">NJPG84B48429</marc:subfield>
            <marc:subfield code="d">08/31/84</marc:subfield>
            <marc:subfield code="c">KE</marc:subfield>
            <marc:subfield code="b">KE</marc:subfield>
            <marc:subfield code="i">860113</marc:subfield>
            <marc:subfield code="l">NJPG</marc:subfield>
        </marc:datafield>
        <marc:datafield tag="911" ind1=" " ind2=" ">
            <marc:subfield code="a">19921028</marc:subfield>
        </marc:datafield>
        <marc:datafield tag="912" ind1=" " ind2=" ">
            <marc:subfield code="a">19900822000000.0</marc:subfield>
        </marc:datafield>
        <marc:datafield tag="999" ind1=" " ind2=" ">
            <marc:subfield code="a">240515</marc:subfield>
        </marc:datafield>
    </marc:record>
    </marc:collection>